@book{Latombe1991MotionPlanning,
  title={Robot Motion Planning},
  author={Latombe, J.},
  year={1991},
  publisher={Kluwer Academic}
}

@inproceedings{yan2012Corners,
  title={Natural corners extraction algorithm in 2D unknown indoor environment with laser sensor},
  author={Yan, R. and Wu, J. and Wang, W. and Lim, S. and Lee, J. and Han, C.},
  booktitle={Control, Automation and Systems (ICCAS), 2012 12th International Conference on},
  pages={983--987},
  year={2012},
  organization={IEEE}
}

@article{Arambula2004,
    title={Autonomus robot navigation using adaptive potential fields},
    author={Arambula, F. and Padilla, M.A.},
    journal = {Mathematical and Computer Modelling},
    year={2011},
    volume={40},
    year={2004},
    pages={1141-1156}
}

@article{Kathib2004,
    title={Real-Time Obstacle Avoidance for Manipulators and Mobile Robots},
    author={Kathib, O.},
    journal = {The International Journal of Robotics Research},
    year={1986},
    volume={5},
    year={2004},
    pages={90-98}
}

@book{Arkin1998BehBasedRobo,
  title={Behavior-Based Robotics},
  author={Arkin, R.C.},
  year={1998},
  publisher={MIT Press}
}
